<?xml version="1.0" encoding="UTF-8"?><collection xmlns="http://www.loc.gov/MARC21/slim"><record><leader>00659nam--2200193-i-4500</leader><controlfield tag="001">000023937</controlfield><controlfield tag="002">20161230</controlfield><controlfield tag="005">20161230201035</controlfield><controlfield tag="008">060222s1000------------r-----000-0-eng-d</controlfield><datafield ind1=" " ind2=" " tag="020"><subfield code="a">0930350006</subfield></datafield><datafield ind1=" " ind2=" " tag="040"><subfield code="a">IFIN-HH</subfield></datafield><datafield ind1=" " ind2=" " tag="080"><subfield code="a">539.125:539.12.164</subfield></datafield><datafield ind1="1" ind2=" " tag="100"><subfield code="a">Goeler, Eberhard Von</subfield></datafield><datafield ind1=" " ind2=" " tag="245"><subfield code="a">Experimental meson spectroscopy 1977</subfield><subfield code="b">Fifth international conference on experimental meson spectroscopy 1977 at northeastern university, boston</subfield><subfield code="c">Eberhard von goeler, roy weinstein (eds.)</subfield></datafield><datafield ind1=" " ind2=" " tag="260"><subfield code="a">Boston</subfield><subfield code="b">Northeastern University Press</subfield><subfield code="c">1977</subfield></datafield><datafield ind1=" " ind2=" " tag="300"><subfield code="a">456P</subfield></datafield><datafield ind1="1" ind2=" " tag="700"><subfield code="a">Weinstein, Roy</subfield><subfield code="e">Ed</subfield></datafield><datafield ind1=" " ind2=" " tag="852"><subfield code="a">48686</subfield><subfield code="c">539.12</subfield></datafield><datafield ind1=" " ind2=" " tag="CAT"><subfield code="a">Sys</subfield><subfield code="c">20111207</subfield><subfield code="h">141553</subfield></datafield></record></collection>